<?xml version="1.0" encoding="UTF-8"?>
<record xmlns="http://www.loc.gov/MARC21/slim">
   <leader>01359cam a2200349 a 4500</leader>
   <controlfield tag="001">1596689</controlfield>
   <controlfield tag="008">941212s1994    abc          s000 0 eng u</controlfield>
   <datafield tag="035" ind1=" " ind2=" ">
      <subfield code="a">ocm70391254</subfield>
   </datafield>
   <datafield tag="040" ind1=" " ind2=" ">
      <subfield code="a">AEU</subfield>
      <subfield code="b">eng</subfield>
   </datafield>
   <datafield tag="043" ind1=" " ind2=" ">
      <subfield code="a">n-cn-ab</subfield>
   </datafield>
   <datafield tag="090" ind1=" " ind2=" ">
      <subfield code="a">FC 3670 M8 A33 1994</subfield>
      <subfield code="b">AEE</subfield>
   </datafield>
   <datafield tag="090" ind1=" " ind2=" ">
      <subfield code="a">FC 3670 M8 A33 1994</subfield>
      <subfield code="b">AEU</subfield>
   </datafield>
   <datafield tag="090" ind1=" " ind2=" ">
      <subfield code="a">GOV DOC CA2 AL COD 94M75</subfield>
      <subfield code="b">AEU</subfield>
   </datafield>
   <datafield tag="110" ind1="2" ind2=" ">
      <subfield code="a">Alberta Multiculturalism Commission.</subfield>
   </datafield>
   <datafield tag="240" ind1="0" ind2="0">
      <subfield code="a">Multiculturalism :</subfield>
      <subfield code="b">three year strategic plan, 1994-1997 /</subfield>
      <subfield code="c">Alberta Multiculturalism Commission.</subfield>
   </datafield>
   <datafield tag="245" ind1="1" ind2="0">
      <subfield code="a">Multiculturalism : three year strategic plan, 1994-1997 1994</subfield>
      <subfield code="b">three year strategic plan, 1994-1997 /</subfield>
      <subfield code="c">Alberta Multiculturalism Commission.</subfield>
   </datafield>
   <datafield tag="260" ind1=" " ind2=" ">
      <subfield code="a">Edmonton :</subfield>
      <subfield code="b">Alberta Community Development,</subfield>
      <subfield code="c">[1994].</subfield>
   </datafield>
   <datafield tag="300" ind1=" " ind2=" ">
      <subfield code="a">26 p. ;</subfield>
      <subfield code="c">28 cm.</subfield>
   </datafield>
   <datafield tag="336" ind1=" " ind2=" ">
      <subfield code="a">text</subfield>
      <subfield code="b">txt</subfield>
      <subfield code="2">rdacontent</subfield>
   </datafield>
   <datafield tag="337" ind1=" " ind2=" ">
      <subfield code="a">unmediated</subfield>
      <subfield code="b">n</subfield>
      <subfield code="2">rdamedia</subfield>
   </datafield>
   <datafield tag="338" ind1=" " ind2=" ">
      <subfield code="a">volume</subfield>
      <subfield code="b">nc</subfield>
      <subfield code="2">rdacarrier</subfield>
   </datafield>
   <datafield tag="500" ind1=" " ind2=" ">
      <subfield code="a">Cover title: Multiculturalism ... the next step.</subfield>
   </datafield>
   <datafield tag="596" ind1=" " ind2=" ">
      <subfield code="a">2 38 43</subfield>
   </datafield>
   <datafield tag="610" ind1="2" ind2="0">
      <subfield code="a">Alberta Multiculturalism Commission.</subfield>
   </datafield>
   <datafield tag="650" ind1=" " ind2="5">
      <subfield code="a">Multiculturalism</subfield>
      <subfield code="x">Government policy</subfield>
      <subfield code="z">Alberta.</subfield>
   </datafield>
   <datafield tag="650" ind1=" " ind2="5">
      <subfield code="a">Multiculturalism</subfield>
      <subfield code="z">Alberta.</subfield>
   </datafield>
   <datafield tag="710" ind1="1" ind2=" ">
      <subfield code="a">Alberta.</subfield>
      <subfield code="b">Alberta Community Development.</subfield>
   </datafield>
   <datafield tag="740" ind1="0" ind2=" ">
      <subfield code="a">Multiculturalism ... the next step.</subfield>
   </datafield>
   <datafield tag="740" ind1="0" ind2=" ">
      <subfield code="a">Three year strategic plan, 1994-1997.</subfield>
   </datafield>
   <datafield tag="926" ind1=" " ind2=" ">
      <subfield code="a">AGL_CAP</subfield>
      <subfield code="b">ON_SHELF</subfield>
      <subfield code="c">FC 3670 M8 A33 1994</subfield>
      <subfield code="d">BOOK</subfield>
      <subfield code="f">1</subfield>
   </datafield>
   <datafield tag="926" ind1=" " ind2=" ">
      <subfield code="a">UABARD</subfield>
      <subfield code="b">ON_SHELF</subfield>
      <subfield code="c">GOV DOC CA2 AL COD 94M75</subfield>
      <subfield code="d">BOOK</subfield>
      <subfield code="f">1</subfield>
   </datafield>
   <datafield tag="926" ind1=" " ind2=" ">
      <subfield code="a">UABARD</subfield>
      <subfield code="b">ON_SHELF</subfield>
      <subfield code="c">GOV DOC CA2 AL COD 94M75</subfield>
      <subfield code="d">BOOK</subfield>
      <subfield code="f">2</subfield>
   </datafield>
   <datafield tag="926" ind1=" " ind2=" ">
      <subfield code="a">UAHSS</subfield>
      <subfield code="b">ON_SHELF</subfield>
      <subfield code="c">FC 3670 M8 A33 1994</subfield>
      <subfield code="d">BOOK</subfield>
      <subfield code="f">1</subfield>
   </datafield>
</record>
